@misc{subject:mio,
  author    = {Sáez Aguado, Jesús},
  title     = {{Modelos de Investigación Operativa}},
  year      = {2016/17},
  publisher = {Departamento de Estadística de la Universidad de valladolid}
}

@misc{garciparedes:mosel-examples,
  author    = {García Prado, Sergio},
  title     = {{Mosel Examples}},
  note      = {\url{https://github.com/garciparedes/mosel-examples}},
}

@misc{tool:neos-server,
  author    = {{NEOS Server}},
  title     = {{Solver for Numerical Optimization}},
  note      = {\url{https://neos-server.org/neos/}},
}

@misc{tool:xpress-mosel,
  author    = {{FICO Xpress}},
  title     = {{Xpress-Mosel}},
  note      = {\url{http://www.maths.ed.ac.uk/hall/Xpress/FICO_Docs/mosel/mosel_lang/dhtml/moselref.html/}},
}
@article{clarke1964scheduling,
  title={Scheduling of vehicles from a central depot to a number of delivery points},
  author={Clarke, Geoff and Wright, John W},
  journal={Operations research},
  volume={12},
  number={4},
  pages={568--581},
  year={1964},
  publisher={INFORMS}
}
