@misc{subject:mio,
  author    = {Jesús Sáez Aguado},
  title     = {{Modelos de Investigación Operativa}},
  year      = {2016/17},
  publisher = {Departamento de Estadística de la Universidad de valladolid}
}

@misc{garciparedes:mosel-examples,
  author    = {García Prado, Sergio},
  title     = {{Mosel Examples}},
  note      = {\url{https://github.com/garciparedes/mosel-examples}},
}

@misc{tool:neos-server,
  author    = {{NEOS Server}},
  title     = {{Solver for Numerical Optimization}},
  note      = {\url{https://neos-server.org/neos/}},
}
